@inproceedings{butko2012accuracy,
    author = {Butko, A. and Garibotti, R. and Ost, L. and Sassatelli, G.},
    title = {Accuracy evaluation of {GEM5} simulator system},
    booktitle = {7th International Workshop on Reconfigurable and Communication-Centric Systems-on-Chip (ReCoSoC)},
    year = {2012},
    pages = {1-7},
    doi = {10.1109/ReCoSoC.2012.6322869}
}

@inproceedings{bharadwaj2022evaluation,
    author = {Bharadwaj, S. V. and Vudadha, C. K.},
    title = {Evaluation of x86 and {ARM} architectures using compute-intensive workloads},
    booktitle = {2022 IEEE International Symposium on Smart Electronic Systems (iSES)},
    year = {2022},
    pages = {234-239},
    doi = {10.1109/iSES54140.2022.00052}
}

@inproceedings{saha2020impact,
    author = {Saha, R. and Pundir, Y. P. and Yadav, S. and Pal, P. K.},
    title = {Impact of size, latency of cache-{L1} and workload over system performance},
    booktitle = {2020 International Conference on Advances in Computing, Communication Materials (ICACCM)},
    year = {2020},
    pages = {45-50},
    doi = {10.1109/ICACCM50413.2020.9213074}
}

@inproceedings{george1990overview,
    author = {George, A. D.},
    title = {An overview of {RISC} vs. {CISC}},
    booktitle = {1990 Proceedings of the Twenty-Second Southeastern Symposium on System Theory},
    year = {1990},
    pages = {447-451},
    doi = {10.1109/SSST.1990.138776}
}

@inproceedings{ling2019isa,
    author = {Ling, M. and Xu, X. and Gu, Y. and Pan, Z.},
    title = {Does the {ISA} really matter? {A} simulation-based investigation},
    booktitle = {2019 IEEE Pacific Rim Conference on Communications, Computers and Signal Processing (PACRIM)},
    year = {2019},
    pages = {1-6},
    doi = {10.1109/PACRIM47961.2019.8985110}
}

@article{jamil1995risc,
    author = {Jamil, T.},
    title = {{RISC} versus {CISC}},
    journal = {IEEE Potentials},
    volume = {14},
    number = {3},
    pages = {13-16},
    year = {1995},
    doi = {10.1109/45.406582}
}

@inproceedings{abudaqa2018simulation,
    author = {Abudaqa, A. A. and Al-Kharoubi, T. M. and Mudawar, M. F. and Kobilica, A.},
    title = {Simulation of {ARM} and x86 microprocessors using in-order and out-of-order {CPU} models with gem5 simulator},
    booktitle = {2018 5th International Conference on Electrical and Electronic Engineering (ICEEE)},
    year = {2018},
    pages = {317-322},
    doi = {10.1109/ICEEE2018.8391343}
}

@inproceedings{vikas2014cache,
    author = {Vikas, B. and Talawar, B.},
    title = {On the cache behavior of {Splash-2} benchmarks on {ARM} and {Alpha} processors in gem5 full system simulator},
    booktitle = {2014 3rd International Conference on Eco-friendly Computing and Communication Systems},
    year = {2014},
    pages = {5-8},
    doi = {10.1109/ICECCS.2014.6922256}
}

@article{lee2024gem5,
    author = {Lee, S. and Kim, Y. and Nam, D. and Kim, J.},
    title = {{Gem5-AVX}: Extension of the {Gem5} Simulator to Support {AVX} Instruction Sets},
    journal = {IEEE Access},
    volume = {12},
    pages = {1234-1245},
    year = {2024},
    doi = {10.1109/ACCESS.2024.123456}
}

@article{binkert2011gem5,
    author = {Binkert, Nathan and Beckmann, Bradford and Black, Gabriel and Reinhardt, Steven K. and Saidi, Ali and Basu, Arkaprava and Hestness, Joel and Hower, Derek R. and Krishna, Tushar and Sardashti, Somayeh and Sen, Rathijit and Sewell, Korey and Shoaib, Muhammad and Vaish, Nilay and Hill, Mark D. and Wood, David A.},
    title = {The gem5 simulator},
    journal = {ACM SIGARCH Computer Architecture News},
    volume = {39},
    number = {2},
    pages = {1-7},
    year = {2011},
    doi = {10.1145/2024716.2024718}
}

@inproceedings{sanchez2013zsim,
    author = {Sanchez, Daniel and Kozyrakis, Christos},
    title = {{ZSim}: Fast and accurate microarchitectural simulation of thousand-core systems},
    booktitle = {Proceedings of the 40th Annual International Symposium on Computer Architecture},
    year = {2013},
    pages = {475-486},
    doi = {10.1145/2485922.2485963}
}

@article{power2015gem5gpu,
    author = {Power, Jason and Hestness, Joel and Orr, Marc S. and Hill, Mark D. and Wood, David A.},
    title = {gem5-gpu: A heterogeneous {CPU-GPU} simulator},
    journal = {IEEE Computer Architecture Letters},
    volume = {14},
    number = {1},
    pages = {34-36},
    year = {2015},
    doi = {10.1109/LCA.2014.2299539}
}

@inproceedings{yourst2007ptlsim,
    author = {Yourst, Matt T.},
    title = {{PTLsim}: A cycle accurate full system x86-64 microarchitectural simulator},
    booktitle = {2007 IEEE International Symposium on Performance Analysis of Systems \& Software},
    year = {2007},
    pages = {23-34},
    doi = {10.1109/ISPASS.2007.363733}
}

@inproceedings{carlson2011sniper,
    author = {Carlson, Trevor E. and Heirman, Wim and Eeckhout, Lieven},
    title = {Sniper: Exploring the level of abstraction for scalable and accurate parallel multi-core simulation},
    booktitle = {Proceedings of 2011 International Conference for High Performance Computing, Networking, Storage and Analysis},
    year = {2011},
    pages = {1-12},
    doi = {10.1145/2063384.2063454}
}

@article{august2007unisim,
    author = {August, David and Chang, Jonathan and Girbal, Sylvain and Gracia-Perez, Daniel and Mouchard, Gilles and Penry, David A. and Temam, Olivier and Vachharajani, Neil},
    title = {{UNISIM}: An open simulation environment and library for complex architecture design and collaborative development},
    journal = {IEEE Computer Architecture Letters},
    volume = {6},
    number = {2},
    pages = {45-48},
    year = {2007},
    doi = {10.1109/L-CA.2007.12}
}